<collection xmlns="http://www.loc.gov/MARC21/slim">
   <record>
      <leader>04269cam a2200505 i 4500</leader>
      <controlfield tag="001">6776070</controlfield>
      <controlfield tag="003">OCoLC</controlfield>
      <controlfield tag="005">20141221132027.0</controlfield>
      <controlfield tag="008">140224t20152015enk      b    001 0 eng  </controlfield>
      <datafield ind1=" " ind2=" " tag="010">
         <subfield code="a">  2014006873</subfield>
      </datafield>
      <datafield ind1=" " ind2=" " tag="020">
         <subfield code="a">9780415633178 (hardback)</subfield>
      </datafield>
      <datafield ind1=" " ind2=" " tag="020">
         <subfield code="a">0415633176 (hardback)</subfield>
      </datafield>
      <datafield ind1=" " ind2=" " tag="020">
         <subfield code="z">9780203797013 (ebk)</subfield>
      </datafield>
      <datafield ind1=" " ind2=" " tag="020">
         <subfield code="z">0203797019 (ebk)</subfield>
      </datafield>
      <datafield ind1=" " ind2=" " tag="040">
         <subfield code="a">DLC</subfield>
         <subfield code="b">eng</subfield>
         <subfield code="e">rda</subfield>
         <subfield code="c">DLC</subfield>
         <subfield code="d">BTCTA</subfield>
         <subfield code="d">OCLCF</subfield>
         <subfield code="d">OCLCO</subfield>
         <subfield code="d">BDX</subfield>
         <subfield code="d">UTV</subfield>
         <subfield code="d">YDXCP</subfield>
         <subfield code="d">UAB</subfield>
      </datafield>
      <datafield ind1=" " ind2=" " tag="042">
         <subfield code="a">pcc</subfield>
      </datafield>
      <datafield ind1="0" ind2="0" tag="050">
         <subfield code="a">K721.5</subfield>
         <subfield code="b">.B87 2015</subfield>
      </datafield>
      <datafield ind1="0" ind2="0" tag="082">
         <subfield code="a">346.04/32</subfield>
         <subfield code="2">23</subfield>
      </datafield>
      <datafield ind1=" " ind2=" " tag="084">
         <subfield code="a">LAW000000</subfield>
         <subfield code="a">LAW034000</subfield>
         <subfield code="a">LAW052000</subfield>
         <subfield code="2">bisacsh</subfield>
      </datafield>
      <datafield ind1=" " ind2=" " tag="090">
         <subfield code="a">K 721.5 B87 2015</subfield>
         <subfield code="b">AEU</subfield>
      </datafield>
      <datafield ind1="1" ind2=" " tag="100">
         <subfield code="a">Burdon, Peter,</subfield>
         <subfield code="e">author.</subfield>
         <subfield code="0">http://id.loc.gov/authorities/names/nb2012019047</subfield>
         <subfield code="0">http://viaf.org/viaf/220562405</subfield>
      </datafield>
      <datafield ind1="1" ind2="0" tag="245">
         <subfield code="a">Earth jurisprudence :</subfield>
         <subfield code="b">private property and the environment /</subfield>
         <subfield code="c">Peter D. Burdon.</subfield>
      </datafield>
      <datafield ind1=" " ind2="1" tag="264">
         <subfield code="a">Abingdon, Oxon ;</subfield>
         <subfield code="a">New York, NY :</subfield>
         <subfield code="b">Routledge, Taylor &amp; Francis Group,</subfield>
         <subfield code="c">2015.</subfield>
      </datafield>
      <datafield ind1=" " ind2="4" tag="264">
         <subfield code="c">©2015</subfield>
      </datafield>
      <datafield ind1=" " ind2=" " tag="300">
         <subfield code="a">xv, 171 pages ;</subfield>
         <subfield code="c">24 cm.</subfield>
      </datafield>
      <datafield ind1=" " ind2=" " tag="336">
         <subfield code="a">text</subfield>
         <subfield code="b">txt</subfield>
         <subfield code="2">rdacontent</subfield>
         <subfield code="0">http://id.loc.gov/vocabulary/contentTypes/txt</subfield>
      </datafield>
      <datafield ind1=" " ind2=" " tag="337">
         <subfield code="a">unmediated</subfield>
         <subfield code="b">n</subfield>
         <subfield code="2">rdamedia</subfield>
         <subfield code="0">http://id.loc.gov/vocabulary/mediaTypes/n</subfield>
      </datafield>
      <datafield ind1=" " ind2=" " tag="338">
         <subfield code="a">volume</subfield>
         <subfield code="b">nc</subfield>
         <subfield code="2">rdacarrier</subfield>
         <subfield code="0">http://id.loc.gov/vocabulary/carriers/nc</subfield>
      </datafield>
      <datafield ind1="1" ind2=" " tag="490">
         <subfield code="a">Law, justice and ecology</subfield>
      </datafield>
      <datafield ind1=" " ind2=" " tag="500">
         <subfield code="a">"A GlassHouse book."</subfield>
      </datafield>
      <datafield ind1=" " ind2=" " tag="504">
         <subfield code="a">Includes bibliographical references (pages 137-163) and index.</subfield>
      </datafield>
      <datafield ind1=" " ind2=" " tag="520">
         <subfield code="a">"Earth Jurisprudence: Private Property and the Environment argues that the institution of private property is anthropocentric and needs to be reconceived. The dominant rights-based interpretation of private property entrenches the idea of human dominion over nature. Accordingly, nature is not attributed any inherent value and becomes merely the matter of a human property relationship. This book considers how an alternative conception of property might be grounded in the eco-centric concept of an Earth community. Recognising that human beings are deeply interconnected with and dependent on nature, this concept is proposed as a standard and measure for human law. Using the theory of Earth Jurisprudence as a guide, this book then outlines an alternative eco-centric description of private property, as a relationship between and among members of the Earth community. Drawing on international case law, indigenous views of property and the land use practices of agrarian communities, this concept is then employed to consider how private property can be reformulated in a way that fosters duties towards nature. "--</subfield>
         <subfield code="c">Provided by publisher.</subfield>
      </datafield>
      <datafield ind1=" " ind2=" " tag="520">
         <subfield code="a">"The dominant rights-based interpretation of private property entrenches the idea of human dominion over nature. Accordingly, nature is not attributed any inherent value and becomes merely the matter of a human property relationship. Earth Jurisprudence: Private Property and the Environment explores how an alternative conception of property might be instead grounded in the eco-centric concept of an Earth community. Recognising that human beings are deeply interconnected with and dependent on nature, this concept is proposed as a standard and measure for human law. Using the theory of Earth Jurisprudence as a guide, this book outlines an alternative eco-centric description of private property, as a relationship between and among members of the Earth community"--</subfield>
         <subfield code="c">Provided by publisher.</subfield>
      </datafield>
      <datafield ind1=" " ind2=" " tag="596">
         <subfield code="a">45</subfield>
      </datafield>
      <datafield ind1=" " ind2="0" tag="650">
         <subfield code="a">Right of property.</subfield>
         <subfield code="0">http://id.loc.gov/authorities/subjects/sh85114079</subfield>
      </datafield>
      <datafield ind1=" " ind2="0" tag="650">
         <subfield code="a">Environmental law</subfield>
         <subfield code="x">Philosophy.</subfield>
      </datafield>
      <datafield ind1=" " ind2="0" tag="650">
         <subfield code="a">Property.</subfield>
         <subfield code="0">http://id.loc.gov/authorities/subjects/sh85107496</subfield>
      </datafield>
      <datafield ind1=" " ind2="0" tag="650">
         <subfield code="a">Conservation of natural resources</subfield>
         <subfield code="x">Law and legislation.</subfield>
         <subfield code="0">http://id.loc.gov/authorities/subjects/sh85031258</subfield>
      </datafield>
      <datafield ind1=" " ind2="0" tag="650">
         <subfield code="a">Law</subfield>
         <subfield code="x">Philosophy.</subfield>
         <subfield code="0">http://id.loc.gov/authorities/subjects/sh85075139</subfield>
      </datafield>
      <datafield ind1=" " ind2=" " tag="758">
         <subfield code="0">http://worldcat.org/entity/work/id/3902198619</subfield>
      </datafield>
      <datafield ind1="0" ind2=" " tag="787">
         <subfield code="n">OCLC Work Id</subfield>
         <subfield code="o">http://worldcat.org/entity/work/id/3902198619</subfield>
      </datafield>
      <datafield ind1=" " ind2="0" tag="830">
         <subfield code="a">Law, justice and ecology.</subfield>
         <subfield code="0">http://id.loc.gov/authorities/names/no2011088716</subfield>
      </datafield>
      <datafield ind1="4" ind2="2" tag="856">
         <subfield code="3">Cover image</subfield>
         <subfield code="u">http://images.tandf.co.uk/common/jackets/websmall/978041563/9780415633178.jpg</subfield>
      </datafield>
      <datafield ind1=" " ind2=" " tag="949">
         <subfield code="a">K 721.5 B87 2015</subfield>
         <subfield code="c">1</subfield>
         <subfield code="h">UALA-B</subfield>
         <subfield code="i">0162035223906</subfield>
      </datafield>
      <datafield ind1=" " ind2=" " tag="926">
         <subfield code="a">K 721.5 B87 2015</subfield>
         <subfield code="w">LC</subfield>
         <subfield code="c">1</subfield>
         <subfield code="i">0162035223906</subfield>
         <subfield code="l">ON_SHELF</subfield>
         <subfield code="m">UALAW</subfield>
         <subfield code="p">$150.00</subfield>
         <subfield code="r">Y</subfield>
         <subfield code="s">Y</subfield>
         <subfield code="t">BOOK</subfield>
         <subfield code="u">1/14/2015</subfield>
      </datafield>
   </record>
</collection>
